@article{knuth:1984,
  title     = {Literate Programming},
  author    = {Donald E. Knuth},
  journal   = {The Computer Journal},
  volume    = {27},
  number    = {2},
  pages     = {97--111},
  year      = {1984},
  publisher = {Oxford University Press}
}

@book{listvin:reflectometria,
  author = {А. В. Листвин and В. Н. Листвин},
  title  = {Рефлектометрия оптических волокон},
  year   = {2005}
}

@misc{web:otdr_format,
  author       = {Sidney Li},
  title        = {The OTDR (Optical Time-Domain Reflectometer) Data Format},
  year         = {2018},
  note         = {Дата обращения: 17.05.2023},
  howpublished = {\url{http://morethanfootnotes.blogspot.com/2015/07/the-otdr-optical-time-domain.html}}
}

@article{bogdanova:reflectometria,
  author  = {Е. Г. Богданова and М. С. Былина and С. Ф. Глаголев},
  title   = {Применение метода обратного рассеяния для измерения параметров волоконно-оптических линий связи},
  year    = {2020},
  journal = {Информационные технологии и телекоммуникации}
}

@book{bilina:izmerenie_parametrov,
  author = {М. С. Былина and С. Ф. Глаголев and Л. Н. Кочановский and В. В. Пискунов},
  title  = {Измерение параметров волоконно-оптических линейных трактов},
  year   = {2002}
}

@misc{web:viavi,
  title        = {FiberTrace 2 and FiberCable 2 Reporting Software},
  note         = {Дата обращения: 25.05.2023},
  howpublished = {\url{https://www.viavisolutions.com/en-uk/products/fibertrace-2-and-fibercable-2-reporting-software}}
}

@misc{web:yokogawa,
  title        = {Yokogawa User's Manual},
  note         = {Дата обращения: 25.05.2023},
  howpublished = {\url{https://cdn.tmi.yokogawa.com/1/7603/files/IMAQ7933-01EN.pdf}}
}

@inproceedings{lima:teo,
  author = {Mendes de Lima, Gerson and Lamounier Jr, Edgard and Peretta, Igor and Cardoso, Alexandre and Barcelos, Sergio and MURAMOTO, W. and Rigon, Elso},
  year   = {2012},
  month  = {01},
  title  = {A TEO-Based Algorithm to detect events over OTDR Measurements in FTTH Networks}
}

@misc{web:topotdrviewer,
  title        = {Руководство пользователя TopOTDRViewer},
  note         = {Дата обращения: 26.05.2023},
  howpublished = {\url{https://topfibertester.ru/downloads/manual/TopOTDR\%20Viewer_ru_v0.202.pdf}}
}

@misc{web:sortraceviewer,
  title        = {SORTraceViewer},
  year         = {2022},
  note         = {Дата обращения: 01.06.2023},
  howpublished = {\url{http://www.sortraceviewer.ru/index.html}}
}

@misc{web:fastreporter_specs,
  title        = {FastReporter specs},
  year         = {2018},
  note         = {Дата обращения: 23.05.2023},
  howpublished = {\url{https://www.profiber.eu/files/produkty/meracia\%20technika_opticke_komunikacie/software/FR3_fastreporter/FR3_spec-sheet.pdf}}
}

@misc{web:volsexpert_reflectometria,
  title        = {Рефлектометрия оптического кабеля},
  year         = {2022},
  note         = {Дата обращения: 01.06.2023},
  howpublished = {\url{https://vols.expert/useful-information/reflektogramma-opticheskogo-kabelya/}}
}